%YAML 1.1
%TAG !u! tag:unity3d.com,2011:
--- !u!29 &1
OcclusionCullingSettings:
  m_ObjectHideFlags: 0
  serializedVersion: 2
  m_OcclusionBakeSettings:
    smallestOccluder: 5
    smallestHole: 0.25
    backfaceThreshold: 100
  m_SceneGUID: 00000000000000000000000000000000
  m_OcclusionCullingData: {fileID: 0}
--- !u!104 &2
RenderSettings:
  m_ObjectHideFlags: 0
  serializedVersion: 9
  m_Fog: 0
  m_FogColor: {r: 0.5, g: 0.5, b: 0.5, a: 1}
  m_FogMode: 3
  m_FogDensity: 0.01
  m_LinearFogStart: 0
  m_LinearFogEnd: 300
  m_AmbientSkyColor: {r: 0.212, g: 0.227, b: 0.259, a: 1}
  m_AmbientEquatorColor: {r: 0.114, g: 0.125, b: 0.133, a: 1}
  m_AmbientGroundColor: {r: 0.047, g: 0.043, b: 0.035, a: 1}
  m_AmbientIntensity: 1
  m_AmbientMode: 0
  m_SubtractiveShadowColor: {r: 0.42, g: 0.478, b: 0.627, a: 1}
  m_SkyboxMaterial: {fileID: 10304, guid: 0000000000000000f000000000000000, type: 0}
  m_HaloStrength: 0.5
  m_FlareStrength: 1
  m_FlareFadeSpeed: 3
  m_HaloTexture: {fileID: 0}
  m_SpotCookie: {fileID: 10001, guid: 0000000000000000e000000000000000, type: 0}
  m_DefaultReflectionMode: 0
  m_DefaultReflectionResolution: 128
  m_ReflectionBounces: 1
  m_ReflectionIntensity: 1
  m_CustomReflection: {fileID: 0}
  m_Sun: {fileID: 0}
  m_IndirectSpecularColor: {r: 0.12731749, g: 0.13414757, b: 0.1210787, a: 1}
  m_UseRadianceAmbientProbe: 0
--- !u!157 &3
LightmapSettings:
  m_ObjectHideFlags: 0
  serializedVersion: 11
  m_GIWorkflowMode: 1
  m_GISettings:
    serializedVersion: 2
    m_BounceScale: 1
    m_IndirectOutputScale: 1
    m_AlbedoBoost: 1
    m_EnvironmentLightingMode: 0
    m_EnableBakedLightmaps: 1
    m_EnableRealtimeLightmaps: 0
  m_LightmapEditorSettings:
    serializedVersion: 12
    m_Resolution: 2
    m_BakeResolution: 40
    m_AtlasSize: 1024
    m_AO: 0
    m_AOMaxDistance: 1
    m_CompAOExponent: 1
    m_CompAOExponentDirect: 0
    m_ExtractAmbientOcclusion: 0
    m_Padding: 2
    m_LightmapParameters: {fileID: 0}
    m_LightmapsBakeMode: 1
    m_TextureCompression: 1
    m_FinalGather: 0
    m_FinalGatherFiltering: 1
    m_FinalGatherRayCount: 256
    m_ReflectionCompression: 2
    m_MixedBakeMode: 1
    m_BakeBackend: 0
    m_PVRSampling: 1
    m_PVRDirectSampleCount: 32
    m_PVRSampleCount: 512
    m_PVRBounces: 2
    m_PVREnvironmentSampleCount: 256
    m_PVREnvironmentReferencePointCount: 2048
    m_PVRFilteringMode: 1
    m_PVRDenoiserTypeDirect: 1
    m_PVRDenoiserTypeIndirect: 1
    m_PVRDenoiserTypeAO: 1
    m_PVRFilterTypeDirect: 0
    m_PVRFilterTypeIndirect: 0
    m_PVRFilterTypeAO: 0
    m_PVREnvironmentMIS: 1
    m_PVRCulling: 1
    m_PVRFilteringGaussRadiusDirect: 1
    m_PVRFilteringGaussRadiusIndirect: 5
    m_PVRFilteringGaussRadiusAO: 2
    m_PVRFilteringAtrousPositionSigmaDirect: 0.5
    m_PVRFilteringAtrousPositionSigmaIndirect: 2
    m_PVRFilteringAtrousPositionSigmaAO: 1
    m_ExportTrainingData: 0
    m_TrainingDataDestination: TrainingData
    m_LightProbeSampleCountMultiplier: 4
  m_LightingDataAsset: {fileID: 112000000, guid: dd89076042d29d547932b2433b9d1886,
    type: 2}
  m_UseShadowmask: 0
--- !u!196 &4
NavMeshSettings:
  serializedVersion: 2
  m_ObjectHideFlags: 0
  m_BuildSettings:
    serializedVersion: 2
    agentTypeID: 0
    agentRadius: 0.5
    agentHeight: 2
    agentSlope: 45
    agentClimb: 0.4
    ledgeDropHeight: 0
    maxJumpAcrossDistance: 0
    minRegionArea: 2
    manualCellSize: 0
    cellSize: 0.16666667
    manualTileSize: 0
    tileSize: 256
    accuratePlacement: 0
    debug:
      m_Flags: 0
  m_NavMeshData: {fileID: 0}
--- !u!1001 &11477349
PrefabInstance:
  m_ObjectHideFlags: 0
  serializedVersion: 2
  m_Modification:
    m_TransformParent: {fileID: 0}
    m_Modifications:
    - target: {fileID: -9196538489154081609, guid: 66a0661d844c8704ca5eee8afeefef07,
        type: 3}
      propertyPath: m_StaticEditorFlags
      value: 4294967295
      objectReference: {fileID: 0}
    - target: {fileID: -8871699488557825944, guid: 66a0661d844c8704ca5eee8afeefef07,
        type: 3}
      propertyPath: m_StaticEditorFlags
      value: 4294967295
      objectReference: {fileID: 0}
    - target: {fileID: -8867417161526080042, guid: 66a0661d844c8704ca5eee8afeefef07,
        type: 3}
      propertyPath: m_StaticEditorFlags
      value: 4294967295
      objectReference: {fileID: 0}
    - target: {fileID: -8431890915375545568, guid: 66a0661d844c8704ca5eee8afeefef07,
        type: 3}
      propertyPath: m_StaticEditorFlags
      value: 4294967295
      objectReference: {fileID: 0}
    - target: {fileID: -8290622700927616247, guid: 66a0661d844c8704ca5eee8afeefef07,
        type: 3}
      propertyPath: m_StaticEditorFlags
      value: 4294967295
      objectReference: {fileID: 0}
    - target: {fileID: -8279773637902212799, guid: 66a0661d844c8704ca5eee8afeefef07,
        type: 3}
      propertyPath: m_StaticEditorFlags
      value: 4294967295
      objectReference: {fileID: 0}
    - target: {fileID: -8073180650885287765, guid: 66a0661d844c8704ca5eee8afeefef07,
        type: 3}
      propertyPath: m_StaticEditorFlags
      value: 4294967295
      objectReference: {fileID: 0}
    - target: {fileID: -7987282558572719303, guid: 66a0661d844c8704ca5eee8afeefef07,
        type: 3}
      propertyPath: m_StaticEditorFlags
      value: 4294967295
      objectReference: {fileID: 0}
    - target: {fileID: -7953232957368598505, guid: 66a0661d844c8704ca5eee8afeefef07,
        type: 3}
      propertyPath: m_StaticEditorFlags
      value: 4294967295
      objectReference: {fileID: 0}
    - target: {fileID: -7630113617749212500, guid: 66a0661d844c8704ca5eee8afeefef07,
        type: 3}
      propertyPath: m_StaticEditorFlags
      value: 4294967295
      objectReference: {fileID: 0}
    - target: {fileID: -7400791275477369222, guid: 66a0661d844c8704ca5eee8afeefef07,
        type: 3}
      propertyPath: m_StaticEditorFlags
      value: 4294967295
      objectReference: {fileID: 0}
    - target: {fileID: -7349220817062382422, guid: 66a0661d844c8704ca5eee8afeefef07,
        type: 3}
      propertyPath: m_StaticEditorFlags
      value: 4294967295
      objectReference: {fileID: 0}
    - target: {fileID: -7168480160276013827, guid: 66a0661d844c8704ca5eee8afeefef07,
        type: 3}
      propertyPath: m_StaticEditorFlags
      value: 4294967295
      objectReference: {fileID: 0}
    - target: {fileID: -6979553557585494642, guid: 66a0661d844c8704ca5eee8afeefef07,
        type: 3}
      propertyPath: m_StaticEditorFlags
      value: 4294967295
      objectReference: {fileID: 0}
    - target: {fileID: -6621015862169167953, guid: 66a0661d844c8704ca5eee8afeefef07,
        type: 3}
      propertyPath: m_StaticEditorFlags
      value: 4294967295
      objectReference: {fileID: 0}
    - target: {fileID: -6512251165318274538, guid: 66a0661d844c8704ca5eee8afeefef07,
        type: 3}
      propertyPath: m_StaticEditorFlags
      value: 4294967295
      objectReference: {fileID: 0}
    - target: {fileID: -6374655421843152278, guid: 66a0661d844c8704ca5eee8afeefef07,
        type: 3}
      propertyPath: m_StaticEditorFlags
      value: 4294967295
      objectReference: {fileID: 0}
    - target: {fileID: -6251553768901210540, guid: 66a0661d844c8704ca5eee8afeefef07,
        type: 3}
      propertyPath: m_StaticEditorFlags
      value: 4294967295
      objectReference: {fileID: 0}
    - target: {fileID: -6038852713064301325, guid: 66a0661d844c8704ca5eee8afeefef07,
        type: 3}
      propertyPath: m_StaticEditorFlags
      value: 4294967295
      objectReference: {fileID: 0}
    - target: {fileID: -6024894857194736995, guid: 66a0661d844c8704ca5eee8afeefef07,
        type: 3}
      propertyPath: m_StaticEditorFlags
      value: 4294967295
      objectReference: {fileID: 0}
    - target: {fileID: -5988946591380263832, guid: 66a0661d844c8704ca5eee8afeefef07,
        type: 3}
      propertyPath: m_StaticEditorFlags
      value: 4294967295
      objectReference: {fileID: 0}
    - target: {fileID: -5963261986175857421, guid: 66a0661d844c8704ca5eee8afeefef07,
        type: 3}
      propertyPath: m_StaticEditorFlags
      value: 4294967295
      objectReference: {fileID: 0}
    - target: {fileID: -5733990930448899882, guid: 66a0661d844c8704ca5eee8afeefef07,
        type: 3}
      propertyPath: m_StaticEditorFlags
      value: 4294967295
      objectReference: {fileID: 0}
    - target: {fileID: -5682153881500063007, guid: 66a0661d844c8704ca5eee8afeefef07,
        type: 3}
      propertyPath: m_StaticEditorFlags
      value: 4294967295
      objectReference: {fileID: 0}
    - target: {fileID: -5499139209968940619, guid: 66a0661d844c8704ca5eee8afeefef07,
        type: 3}
      propertyPath: m_StaticEditorFlags
      value: 4294967295
      objectReference: {fileID: 0}
    - target: {fileID: -4874531135888203428, guid: 66a0661d844c8704ca5eee8afeefef07,
        type: 3}
      propertyPath: m_StaticEditorFlags
      value: 4294967295
      objectReference: {fileID: 0}
    - target: {fileID: -4691354013664737982, guid: 66a0661d844c8704ca5eee8afeefef07,
        type: 3}
      propertyPath: m_StaticEditorFlags
      value: 4294967295
      objectReference: {fileID: 0}
    - target: {fileID: -4555999920456202146, guid: 66a0661d844c8704ca5eee8afeefef07,
        type: 3}
      propertyPath: m_StaticEditorFlags
      value: 4294967295
      objectReference: {fileID: 0}
    - target: {fileID: -4289369248985414931, guid: 66a0661d844c8704ca5eee8afeefef07,
        type: 3}
      propertyPath: m_StaticEditorFlags
      value: 4294967295
      objectReference: {fileID: 0}
    - target: {fileID: -4251963938431772912, guid: 66a0661d844c8704ca5eee8afeefef07,
        type: 3}
      propertyPath: m_StaticEditorFlags
      value: 4294967295
      objectReference: {fileID: 0}
    - target: {fileID: -4250391299839456212, guid: 66a0661d844c8704ca5eee8afeefef07,
        type: 3}
      propertyPath: m_StaticEditorFlags
      value: 4294967295
      objectReference: {fileID: 0}
    - target: {fileID: -4216859302048453862, guid: 66a0661d844c8704ca5eee8afeefef07,
        type: 3}
      propertyPath: m_LocalPosition.x
      value: -8.39
      objectReference: {fileID: 0}
    - target: {fileID: -4216859302048453862, guid: 66a0661d844c8704ca5eee8afeefef07,
        type: 3}
      propertyPath: m_LocalPosition.y
      value: 0
      objectReference: {fileID: 0}
    - target: {fileID: -4216859302048453862, guid: 66a0661d844c8704ca5eee8afeefef07,
        type: 3}
      propertyPath: m_LocalPosition.z
      value: 6.65
      objectReference: {fileID: 0}
    - target: {fileID: -4216859302048453862, guid: 66a0661d844c8704ca5eee8afeefef07,
        type: 3}
      propertyPath: m_LocalRotation.x
      value: -0
      objectReference: {fileID: 0}
    - target: {fileID: -4216859302048453862, guid: 66a0661d844c8704ca5eee8afeefef07,
        type: 3}
      propertyPath: m_LocalRotation.y
      value: 0.86727566
      objectReference: {fileID: 0}
    - target: {fileID: -4216859302048453862, guid: 66a0661d844c8704ca5eee8afeefef07,
        type: 3}
      propertyPath: m_LocalRotation.z
      value: -0
      objectReference: {fileID: 0}
    - target: {fileID: -4216859302048453862, guid: 66a0661d844c8704ca5eee8afeefef07,
        type: 3}
      propertyPath: m_LocalRotation.w
      value: 0.49782816
      objectReference: {fileID: 0}
    - target: {fileID: -4216859302048453862, guid: 66a0661d844c8704ca5eee8afeefef07,
        type: 3}
      propertyPath: m_RootOrder
      value: 5
      objectReference: {fileID: 0}
    - target: {fileID: -4216859302048453862, guid: 66a0661d844c8704ca5eee8afeefef07,
        type: 3}
      propertyPath: m_LocalEulerAnglesHint.x
      value: 0
      objectReference: {fileID: 0}
    - target: {fileID: -4216859302048453862, guid: 66a0661d844c8704ca5eee8afeefef07,
        type: 3}
      propertyPath: m_LocalEulerAnglesHint.y
      value: 120.287
      objectReference: {fileID: 0}
    - target: {fileID: -4216859302048453862, guid: 66a0661d844c8704ca5eee8afeefef07,
        type: 3}
      propertyPath: m_LocalEulerAnglesHint.z
      value: 0
      objectReference: {fileID: 0}
    - target: {fileID: -4216859302048453862, guid: 66a0661d844c8704ca5eee8afeefef07,
        type: 3}
      propertyPath: m_LocalScale.x
      value: 10.354
      objectReference: {fileID: 0}
    - target: {fileID: -4216859302048453862, guid: 66a0661d844c8704ca5eee8afeefef07,
        type: 3}
      propertyPath: m_LocalScale.y
      value: 10.354
      objectReference: {fileID: 0}
    - target: {fileID: -4216859302048453862, guid: 66a0661d844c8704ca5eee8afeefef07,
        type: 3}
      propertyPath: m_LocalScale.z
      value: 10.354
      objectReference: {fileID: 0}
    - target: {fileID: -4208825257460861920, guid: 66a0661d844c8704ca5eee8afeefef07,
        type: 3}
      propertyPath: m_StaticEditorFlags
      value: 4294967295
      objectReference: {fileID: 0}
    - target: {fileID: -4051825490101932165, guid: 66a0661d844c8704ca5eee8afeefef07,
        type: 3}
      propertyPath: m_StaticEditorFlags
      value: 4294967295
      objectReference: {fileID: 0}
    - target: {fileID: -4003162052885097108, guid: 66a0661d844c8704ca5eee8afeefef07,
        type: 3}
      propertyPath: m_StaticEditorFlags
      value: 4294967295
      objectReference: {fileID: 0}
    - target: {fileID: -3925685506489574443, guid: 66a0661d844c8704ca5eee8afeefef07,
        type: 3}
      propertyPath: m_StaticEditorFlags
      value: 4294967295
      objectReference: {fileID: 0}
    - target: {fileID: -3843772536575418988, guid: 66a0661d844c8704ca5eee8afeefef07,
        type: 3}
      propertyPath: m_StaticEditorFlags
      value: 4294967295
      objectReference: {fileID: 0}
    - target: {fileID: -3624692583646768042, guid: 66a0661d844c8704ca5eee8afeefef07,
        type: 3}
      propertyPath: m_StaticEditorFlags
      value: 4294967295
      objectReference: {fileID: 0}
    - target: {fileID: -3621070005771474450, guid: 66a0661d844c8704ca5eee8afeefef07,
        type: 3}
      propertyPath: m_StaticEditorFlags
      value: 4294967295
      objectReference: {fileID: 0}
    - target: {fileID: -3442516439503217616, guid: 66a0661d844c8704ca5eee8afeefef07,
        type: 3}
      propertyPath: m_StaticEditorFlags
      value: 4294967295
      objectReference: {fileID: 0}
    - target: {fileID: -3427728322214134712, guid: 66a0661d844c8704ca5eee8afeefef07,
        type: 3}
      propertyPath: m_StaticEditorFlags
      value: 4294967295
      objectReference: {fileID: 0}
    - target: {fileID: -3314583840472609780, guid: 66a0661d844c8704ca5eee8afeefef07,
        type: 3}
      propertyPath: m_StaticEditorFlags
      value: 4294967295
      objectReference: {fileID: 0}
    - target: {fileID: -3260291081209748512, guid: 66a0661d844c8704ca5eee8afeefef07,
        type: 3}
      propertyPath: m_StaticEditorFlags
      value: 4294967295
      objectReference: {fileID: 0}
    - target: {fileID: -3206490631983090008, guid: 66a0661d844c8704ca5eee8afeefef07,
        type: 3}
      propertyPath: m_StaticEditorFlags
      value: 4294967295
      objectReference: {fileID: 0}
    - target: {fileID: -3154533213279718630, guid: 66a0661d844c8704ca5eee8afeefef07,
        type: 3}
      propertyPath: m_StaticEditorFlags
      value: 4294967295
      objectReference: {fileID: 0}
    - target: {fileID: -3100744531049825159, guid: 66a0661d844c8704ca5eee8afeefef07,
        type: 3}
      propertyPath: m_StaticEditorFlags
      value: 4294967295
      objectReference: {fileID: 0}
    - target: {fileID: -2932952798466032548, guid: 66a0661d844c8704ca5eee8afeefef07,
        type: 3}
      propertyPath: m_StaticEditorFlags
      value: 4294967295
      objectReference: {fileID: 0}
    - target: {fileID: -2855902974876615161, guid: 66a0661d844c8704ca5eee8afeefef07,
        type: 3}
      propertyPath: m_StaticEditorFlags
      value: 4294967295
      objectReference: {fileID: 0}
    - target: {fileID: -2769086093263659227, guid: 66a0661d844c8704ca5eee8afeefef07,
        type: 3}
      propertyPath: m_StaticEditorFlags
      value: 4294967295
      objectReference: {fileID: 0}
    - target: {fileID: -2584854570632114938, guid: 66a0661d844c8704ca5eee8afeefef07,
        type: 3}
      propertyPath: m_StaticEditorFlags
      value: 4294967295
      objectReference: {fileID: 0}
    - target: {fileID: -2393718252833734822, guid: 66a0661d844c8704ca5eee8afeefef07,
        type: 3}
      propertyPath: m_StaticEditorFlags
      value: 4294967295
      objectReference: {fileID: 0}
    - target: {fileID: -2387452277119634986, guid: 66a0661d844c8704ca5eee8afeefef07,
        type: 3}
      propertyPath: m_StaticEditorFlags
      value: 4294967295
      objectReference: {fileID: 0}
    - target: {fileID: -2265286494248644388, guid: 66a0661d844c8704ca5eee8afeefef07,
        type: 3}
      propertyPath: m_StaticEditorFlags
      value: 4294967295
      objectReference: {fileID: 0}
    - target: {fileID: -2100082247064055464, guid: 66a0661d844c8704ca5eee8afeefef07,
        type: 3}
      propertyPath: m_StaticEditorFlags
      value: 4294967295
      objectReference: {fileID: 0}
    - target: {fileID: -2074209955507197789, guid: 66a0661d844c8704ca5eee8afeefef07,
        type: 3}
      propertyPath: m_StaticEditorFlags
      value: 4294967295
      objectReference: {fileID: 0}
    - target: {fileID: -2072938423806894813, guid: 66a0661d844c8704ca5eee8afeefef07,
        type: 3}
      propertyPath: m_StaticEditorFlags
      value: 4294967295
      objectReference: {fileID: 0}
    - target: {fileID: -2047892914365849560, guid: 66a0661d844c8704ca5eee8afeefef07,
        type: 3}
      propertyPath: m_StaticEditorFlags
      value: 4294967295
      objectReference: {fileID: 0}
    - target: {fileID: -1760255331163341705, guid: 66a0661d844c8704ca5eee8afeefef07,
        type: 3}
      propertyPath: m_StaticEditorFlags
      value: 4294967295
      objectReference: {fileID: 0}
    - target: {fileID: -1753529591156425842, guid: 66a0661d844c8704ca5eee8afeefef07,
        type: 3}
      propertyPath: m_StaticEditorFlags
      value: 4294967295
      objectReference: {fileID: 0}
    - target: {fileID: -1664011235805879299, guid: 66a0661d844c8704ca5eee8afeefef07,
        type: 3}
      propertyPath: m_StaticEditorFlags
      value: 4294967295
      objectReference: {fileID: 0}
    - target: {fileID: -1523597725284830716, guid: 66a0661d844c8704ca5eee8afeefef07,
        type: 3}
      propertyPath: m_StaticEditorFlags
      value: 4294967295
      objectReference: {fileID: 0}
    - target: {fileID: -1385542569103323439, guid: 66a0661d844c8704ca5eee8afeefef07,
        type: 3}
      propertyPath: m_StaticEditorFlags
      value: 4294967295
      objectReference: {fileID: 0}
    - target: {fileID: -1085645686380703613, guid: 66a0661d844c8704ca5eee8afeefef07,
        type: 3}
      propertyPath: m_StaticEditorFlags
      value: 4294967295
      objectReference: {fileID: 0}
    - target: {fileID: -927199367670048503, guid: 66a0661d844c8704ca5eee8afeefef07,
        type: 3}
      propertyPath: m_Name
      value: AW_Viper17
      objectReference: {fileID: 0}
    - target: {fileID: -927199367670048503, guid: 66a0661d844c8704ca5eee8afeefef07,
        type: 3}
      propertyPath: m_StaticEditorFlags
      value: 4294967295
      objectReference: {fileID: 0}
    - target: {fileID: -913533624143989835, guid: 66a0661d844c8704ca5eee8afeefef07,
        type: 3}
      propertyPath: m_StaticEditorFlags
      value: 4294967295
      objectReference: {fileID: 0}
    - target: {fileID: -671863537792964496, guid: 66a0661d844c8704ca5eee8afeefef07,
        type: 3}
      propertyPath: m_StaticEditorFlags
      value: 4294967295
      objectReference: {fileID: 0}
    - target: {fileID: -517222645123687181, guid: 66a0661d844c8704ca5eee8afeefef07,
        type: 3}
      propertyPath: m_StaticEditorFlags
      value: 4294967295
      objectReference: {fileID: 0}
    - target: {fileID: -390895565998091191, guid: 66a0661d844c8704ca5eee8afeefef07,
        type: 3}
      propertyPath: m_StaticEditorFlags
      value: 4294967295
      objectReference: {fileID: 0}
    - target: {fileID: -361134365633398552, guid: 66a0661d844c8704ca5eee8afeefef07,
        type: 3}
      propertyPath: m_StaticEditorFlags
      value: 4294967295
      objectReference: {fileID: 0}
    - target: {fileID: -259710143081463350, guid: 66a0661d844c8704ca5eee8afeefef07,
        type: 3}
      propertyPath: m_StaticEditorFlags
      value: 4294967295
      objectReference: {fileID: 0}
    - target: {fileID: -134423919098229524, guid: 66a0661d844c8704ca5eee8afeefef07,
        type: 3}
      propertyPath: m_StaticEditorFlags
      value: 4294967295
      objectReference: {fileID: 0}
    - target: {fileID: -110477701878811355, guid: 66a0661d844c8704ca5eee8afeefef07,
        type: 3}
      propertyPath: m_StaticEditorFlags
      value: 4294967295
      objectReference: {fileID: 0}
    - target: {fileID: -99445688333402502, guid: 66a0661d844c8704ca5eee8afeefef07,
        type: 3}
      propertyPath: m_StaticEditorFlags
      value: 4294967295
      objectReference: {fileID: 0}
    - target: {fileID: 27305928215226208, guid: 66a0661d844c8704ca5eee8afeefef07,
        type: 3}
      propertyPath: m_StaticEditorFlags
      value: 4294967295
      objectReference: {fileID: 0}
    - target: {fileID: 33828035204284397, guid: 66a0661d844c8704ca5eee8afeefef07,
        type: 3}
      propertyPath: m_StaticEditorFlags
      value: 4294967295
      objectReference: {fileID: 0}
    - target: {fileID: 106453336621065055, guid: 66a0661d844c8704ca5eee8afeefef07,
        type: 3}
      propertyPath: m_StaticEditorFlags
      value: 4294967295
      objectReference: {fileID: 0}
    - target: {fileID: 548972263332928216, guid: 66a0661d844c8704ca5eee8afeefef07,
        type: 3}
      propertyPath: m_StaticEditorFlags
      value: 4294967295
      objectReference: {fileID: 0}
    - target: {fileID: 566163845289106875, guid: 66a0661d844c8704ca5eee8afeefef07,
        type: 3}
      propertyPath: m_StaticEditorFlags
      value: 4294967295
      objectReference: {fileID: 0}
    - target: {fileID: 711524401217995410, guid: 66a0661d844c8704ca5eee8afeefef07,
        type: 3}
      propertyPath: m_StaticEditorFlags
      value: 4294967295
      objectReference: {fileID: 0}
    - target: {fileID: 721056895991426811, guid: 66a0661d844c8704ca5eee8afeefef07,
        type: 3}
      propertyPath: m_StaticEditorFlags
      value: 4294967295
      objectReference: {fileID: 0}
    - target: {fileID: 740462396252244263, guid: 66a0661d844c8704ca5eee8afeefef07,
        type: 3}
      propertyPath: m_StaticEditorFlags
      value: 4294967295
      objectReference: {fileID: 0}
    - target: {fileID: 1017869455207227144, guid: 66a0661d844c8704ca5eee8afeefef07,
        type: 3}
      propertyPath: m_StaticEditorFlags
      value: 4294967295
      objectReference: {fileID: 0}
    - target: {fileID: 1066070337161516790, guid: 66a0661d844c8704ca5eee8afeefef07,
        type: 3}
      propertyPath: m_StaticEditorFlags
      value: 4294967295
      objectReference: {fileID: 0}
    - target: {fileID: 1408740897225034479, guid: 66a0661d844c8704ca5eee8afeefef07,
        type: 3}
      propertyPath: m_StaticEditorFlags
      value: 4294967295
      objectReference: {fileID: 0}
    - target: {fileID: 1538656865818980245, guid: 66a0661d844c8704ca5eee8afeefef07,
        type: 3}
      propertyPath: m_StaticEditorFlags
      value: 4294967295
      objectReference: {fileID: 0}
    - target: {fileID: 1615273704768274048, guid: 66a0661d844c8704ca5eee8afeefef07,
        type: 3}
      propertyPath: m_StaticEditorFlags
      value: 4294967295
      objectReference: {fileID: 0}
    - target: {fileID: 1835684397787932518, guid: 66a0661d844c8704ca5eee8afeefef07,
        type: 3}
      propertyPath: m_StaticEditorFlags
      value: 4294967295
      objectReference: {fileID: 0}
    - target: {fileID: 2116454030682166832, guid: 66a0661d844c8704ca5eee8afeefef07,
        type: 3}
      propertyPath: m_StaticEditorFlags
      value: 4294967295
      objectReference: {fileID: 0}
    - target: {fileID: 2241489009021733902, guid: 66a0661d844c8704ca5eee8afeefef07,
        type: 3}
      propertyPath: m_StaticEditorFlags
      value: 4294967295
      objectReference: {fileID: 0}
    - target: {fileID: 2264643300610775576, guid: 66a0661d844c8704ca5eee8afeefef07,
        type: 3}
      propertyPath: m_StaticEditorFlags
      value: 4294967295
      objectReference: {fileID: 0}
    - target: {fileID: 2266073262966768337, guid: 66a0661d844c8704ca5eee8afeefef07,
        type: 3}
      propertyPath: m_StaticEditorFlags
      value: 4294967295
      objectReference: {fileID: 0}
    - target: {fileID: 2349136950995201747, guid: 66a0661d844c8704ca5eee8afeefef07,
        type: 3}
      propertyPath: m_StaticEditorFlags
      value: 4294967295
      objectReference: {fileID: 0}
    - target: {fileID: 2357327018141660179, guid: 66a0661d844c8704ca5eee8afeefef07,
        type: 3}
      propertyPath: m_StaticEditorFlags
      value: 4294967295
      objectReference: {fileID: 0}
    - target: {fileID: 2632341928698345962, guid: 66a0661d844c8704ca5eee8afeefef07,
        type: 3}
      propertyPath: m_StaticEditorFlags
      value: 4294967295
      objectReference: {fileID: 0}
    - target: {fileID: 2813311052350488866, guid: 66a0661d844c8704ca5eee8afeefef07,
        type: 3}
      propertyPath: m_StaticEditorFlags
      value: 4294967295
      objectReference: {fileID: 0}
    - target: {fileID: 2856795075618043009, guid: 66a0661d844c8704ca5eee8afeefef07,
        type: 3}
      propertyPath: m_StaticEditorFlags
      value: 4294967295
      objectReference: {fileID: 0}
    - target: {fileID: 2878193184846386895, guid: 66a0661d844c8704ca5eee8afeefef07,
        type: 3}
      propertyPath: m_StaticEditorFlags
      value: 4294967295
      objectReference: {fileID: 0}
    - target: {fileID: 3114416648360387200, guid: 66a0661d844c8704ca5eee8afeefef07,
        type: 3}
      propertyPath: m_StaticEditorFlags
      value: 4294967295
      objectReference: {fileID: 0}
    - target: {fileID: 3195498393789772566, guid: 66a0661d844c8704ca5eee8afeefef07,
        type: 3}
      propertyPath: m_StaticEditorFlags
      value: 4294967295
      objectReference: {fileID: 0}
    - target: {fileID: 3347105678042179842, guid: 66a0661d844c8704ca5eee8afeefef07,
        type: 3}
      propertyPath: m_StaticEditorFlags
      value: 4294967295
      objectReference: {fileID: 0}
    - target: {fileID: 3730594267805095188, guid: 66a0661d844c8704ca5eee8afeefef07,
        type: 3}
      propertyPath: m_StaticEditorFlags
      value: 4294967295
      objectReference: {fileID: 0}
    - target: {fileID: 3828190588074348583, guid: 66a0661d844c8704ca5eee8afeefef07,
        type: 3}
      propertyPath: m_StaticEditorFlags
      value: 4294967295
      objectReference: {fileID: 0}
    - target: {fileID: 3858076442287837505, guid: 66a0661d844c8704ca5eee8afeefef07,
        type: 3}
      propertyPath: m_StaticEditorFlags
      value: 4294967295
      objectReference: {fileID: 0}
    - target: {fileID: 4213888873112136113, guid: 66a0661d844c8704ca5eee8afeefef07,
        type: 3}
      propertyPath: m_StaticEditorFlags
      value: 4294967295
      objectReference: {fileID: 0}
    - target: {fileID: 4300682769288506769, guid: 66a0661d844c8704ca5eee8afeefef07,
        type: 3}
      propertyPath: m_StaticEditorFlags
      value: 4294967295
      objectReference: {fileID: 0}
    - target: {fileID: 4712157666549098017, guid: 66a0661d844c8704ca5eee8afeefef07,
        type: 3}
      propertyPath: m_StaticEditorFlags
      value: 4294967295
      objectReference: {fileID: 0}
    - target: {fileID: 5039427676355177256, guid: 66a0661d844c8704ca5eee8afeefef07,
        type: 3}
      propertyPath: m_StaticEditorFlags
      value: 4294967295
      objectReference: {fileID: 0}
    - target: {fileID: 5154693939980234403, guid: 66a0661d844c8704ca5eee8afeefef07,
        type: 3}
      propertyPath: m_StaticEditorFlags
      value: 4294967295
      objectReference: {fileID: 0}
    - target: {fileID: 5198364751594836516, guid: 66a0661d844c8704ca5eee8afeefef07,
        type: 3}
      propertyPath: m_StaticEditorFlags
      value: 4294967295
      objectReference: {fileID: 0}
    - target: {fileID: 5235853428525448406, guid: 66a0661d844c8704ca5eee8afeefef07,
        type: 3}
      propertyPath: m_StaticEditorFlags
      value: 4294967295
      objectReference: {fileID: 0}
    - target: {fileID: 5706473932617174596, guid: 66a0661d844c8704ca5eee8afeefef07,
        type: 3}
      propertyPath: m_StaticEditorFlags
      value: 4294967295
      objectReference: {fileID: 0}
    - target: {fileID: 5975585337510352905, guid: 66a0661d844c8704ca5eee8afeefef07,
        type: 3}
      propertyPath: m_StaticEditorFlags
      value: 4294967295
      objectReference: {fileID: 0}
    - target: {fileID: 6116917311756922829, guid: 66a0661d844c8704ca5eee8afeefef07,
        type: 3}
      propertyPath: m_StaticEditorFlags
      value: 4294967295
      objectReference: {fileID: 0}
    - target: {fileID: 6185401457978337574, guid: 66a0661d844c8704ca5eee8afeefef07,
        type: 3}
      propertyPath: m_StaticEditorFlags
      value: 4294967295
      objectReference: {fileID: 0}
    - target: {fileID: 6238725144134003201, guid: 66a0661d844c8704ca5eee8afeefef07,
        type: 3}
      propertyPath: m_StaticEditorFlags
      value: 4294967295
      objectReference: {fileID: 0}
    - target: {fileID: 6250054269633405968, guid: 66a0661d844c8704ca5eee8afeefef07,
        type: 3}
      propertyPath: m_StaticEditorFlags
      value: 4294967295
      objectReference: {fileID: 0}
    - target: {fileID: 6389557327862590635, guid: 66a0661d844c8704ca5eee8afeefef07,
        type: 3}
      propertyPath: m_StaticEditorFlags
      value: 4294967295
      objectReference: {fileID: 0}
    - target: {fileID: 6464856880845763480, guid: 66a0661d844c8704ca5eee8afeefef07,
        type: 3}
      propertyPath: m_StaticEditorFlags
      value: 4294967295
      objectReference: {fileID: 0}
    - target: {fileID: 6478161711431967220, guid: 66a0661d844c8704ca5eee8afeefef07,
        type: 3}
      propertyPath: m_StaticEditorFlags
      value: 4294967295
      objectReference: {fileID: 0}
    - target: {fileID: 6513857157609081217, guid: 66a0661d844c8704ca5eee8afeefef07,
        type: 3}
      propertyPath: m_StaticEditorFlags
      value: 4294967295
      objectReference: {fileID: 0}
    - target: {fileID: 6668139740938832008, guid: 66a0661d844c8704ca5eee8afeefef07,
        type: 3}
      propertyPath: m_StaticEditorFlags
      value: 4294967295
      objectReference: {fileID: 0}
    - target: {fileID: 6687288768037234382, guid: 66a0661d844c8704ca5eee8afeefef07,
        type: 3}
      propertyPath: m_StaticEditorFlags
      value: 4294967295
      objectReference: {fileID: 0}
    - target: {fileID: 6808802908345038172, guid: 66a0661d844c8704ca5eee8afeefef07,
        type: 3}
      propertyPath: m_StaticEditorFlags
      value: 4294967295
      objectReference: {fileID: 0}
    - target: {fileID: 6877102768576805514, guid: 66a0661d844c8704ca5eee8afeefef07,
        type: 3}
      propertyPath: m_StaticEditorFlags
      value: 4294967295
      objectReference: {fileID: 0}
    - target: {fileID: 6917805063622631433, guid: 66a0661d844c8704ca5eee8afeefef07,
        type: 3}
      propertyPath: m_StaticEditorFlags
      value: 4294967295
      objectReference: {fileID: 0}
    - target: {fileID: 6944023058767930162, guid: 66a0661d844c8704ca5eee8afeefef07,
        type: 3}
      propertyPath: m_StaticEditorFlags
      value: 4294967295
      objectReference: {fileID: 0}
    - target: {fileID: 7054296341814179632, guid: 66a0661d844c8704ca5eee8afeefef07,
        type: 3}
      propertyPath: m_StaticEditorFlags
      value: 4294967295
      objectReference: {fileID: 0}
    - target: {fileID: 7062097179038756454, guid: 66a0661d844c8704ca5eee8afeefef07,
        type: 3}
      propertyPath: m_StaticEditorFlags
      value: 4294967295
      objectReference: {fileID: 0}
    - target: {fileID: 7096352400707378846, guid: 66a0661d844c8704ca5eee8afeefef07,
        type: 3}
      propertyPath: m_StaticEditorFlags
      value: 4294967295
      objectReference: {fileID: 0}
    - target: {fileID: 7129468781202141977, guid: 66a0661d844c8704ca5eee8afeefef07,
        type: 3}
      propertyPath: m_StaticEditorFlags
      value: 4294967295
      objectReference: {fileID: 0}
    - target: {fileID: 7225494942361397381, guid: 66a0661d844c8704ca5eee8afeefef07,
        type: 3}
      propertyPath: m_StaticEditorFlags
      value: 4294967295
      objectReference: {fileID: 0}
    - target: {fileID: 7237303016635854057, guid: 66a0661d844c8704ca5eee8afeefef07,
        type: 3}
      propertyPath: m_StaticEditorFlags
      value: 4294967295
      objectReference: {fileID: 0}
    - target: {fileID: 7289293010460173371, guid: 66a0661d844c8704ca5eee8afeefef07,
        type: 3}
      propertyPath: m_StaticEditorFlags
      value: 4294967295
      objectReference: {fileID: 0}
    - target: {fileID: 7368602327712109462, guid: 66a0661d844c8704ca5eee8afeefef07,
        type: 3}
      propertyPath: m_StaticEditorFlags
      value: 4294967295
      objectReference: {fileID: 0}
    - target: {fileID: 7401977087172433942, guid: 66a0661d844c8704ca5eee8afeefef07,
        type: 3}
      propertyPath: m_StaticEditorFlags
      value: 4294967295
      objectReference: {fileID: 0}
    - target: {fileID: 7648093964184511857, guid: 66a0661d844c8704ca5eee8afeefef07,
        type: 3}
      propertyPath: m_StaticEditorFlags
      value: 4294967295
      objectReference: {fileID: 0}
    - target: {fileID: 8073382826431621661, guid: 66a0661d844c8704ca5eee8afeefef07,
        type: 3}
      propertyPath: m_StaticEditorFlags
      value: 4294967295
      objectReference: {fileID: 0}
    - target: {fileID: 8102921395503212252, guid: 66a0661d844c8704ca5eee8afeefef07,
        type: 3}
      propertyPath: m_StaticEditorFlags
      value: 4294967295
      objectReference: {fileID: 0}
    - target: {fileID: 8124085718996439191, guid: 66a0661d844c8704ca5eee8afeefef07,
        type: 3}
      propertyPath: m_StaticEditorFlags
      value: 4294967295
      objectReference: {fileID: 0}
    - target: {fileID: 8140475005960533118, guid: 66a0661d844c8704ca5eee8afeefef07,
        type: 3}
      propertyPath: m_StaticEditorFlags
      value: 4294967295
      objectReference: {fileID: 0}
    - target: {fileID: 8144047735119828803, guid: 66a0661d844c8704ca5eee8afeefef07,
        type: 3}
      propertyPath: m_StaticEditorFlags
      value: 4294967295
      objectReference: {fileID: 0}
    - target: {fileID: 8239669286997290433, guid: 66a0661d844c8704ca5eee8afeefef07,
        type: 3}
      propertyPath: m_StaticEditorFlags
      value: 4294967295
      objectReference: {fileID: 0}
    - target: {fileID: 8397713537649039671, guid: 66a0661d844c8704ca5eee8afeefef07,
        type: 3}
      propertyPath: m_StaticEditorFlags
      value: 4294967295
      objectReference: {fileID: 0}
    - target: {fileID: 8692159502619355121, guid: 66a0661d844c8704ca5eee8afeefef07,
        type: 3}
      propertyPath: m_StaticEditorFlags
      value: 4294967295
      objectReference: {fileID: 0}
    - target: {fileID: 8843380239344130581, guid: 66a0661d844c8704ca5eee8afeefef07,
        type: 3}
      propertyPath: m_StaticEditorFlags
      value: 4294967295
      objectReference: {fileID: 0}
    - target: {fileID: 8980885960605719839, guid: 66a0661d844c8704ca5eee8afeefef07,
        type: 3}
      propertyPath: m_StaticEditorFlags
      value: 4294967295
      objectReference: {fileID: 0}
    m_RemovedComponents: []
  m_SourcePrefab: {fileID: 100100000, guid: 66a0661d844c8704ca5eee8afeefef07, type: 3}
--- !u!1 &458378871
GameObject:
  m_ObjectHideFlags: 0
  m_CorrespondingSourceObject: {fileID: 0}
  m_PrefabInstance: {fileID: 0}
  m_PrefabAsset: {fileID: 0}
  serializedVersion: 6
  m_Component:
  - component: {fileID: 458378873}
  - component: {fileID: 458378872}
  m_Layer: 0
  m_Name: Point Light
  m_TagString: Untagged
  m_Icon: {fileID: 0}
  m_NavMeshLayer: 0
  m_StaticEditorFlags: 0
  m_IsActive: 1
--- !u!108 &458378872
Light:
  m_ObjectHideFlags: 0
  m_CorrespondingSourceObject: {fileID: 0}
  m_PrefabInstance: {fileID: 0}
  m_PrefabAsset: {fileID: 0}
  m_GameObject: {fileID: 458378871}
  m_Enabled: 1
  serializedVersion: 10
  m_Type: 2
  m_Shape: 0
  m_Color: {r: 1, g: 1, b: 1, a: 1}
  m_Intensity: 41
  m_Range: 12.8
  m_SpotAngle: 30
  m_InnerSpotAngle: 21.80208
  m_CookieSize: 10
  m_Shadows:
    m_Type: 2
    m_Resolution: -1
    m_CustomResolution: -1
    m_Strength: 1
    m_Bias: 0.02
    m_NormalBias: 0.1
    m_NearPlane: 0.1
    m_CullingMatrixOverride:
      e00: 1
      e01: 0
      e02: 0
      e03: 0
      e10: 0
      e11: 1
      e12: 0
      e13: 0
      e20: 0
      e21: 0
      e22: 1
      e23: 0
      e30: 0
      e31: 0
      e32: 0
      e33: 1
    m_UseCullingMatrixOverride: 0
  m_Cookie: {fileID: 0}
  m_DrawHalo: 0
  m_Flare: {fileID: 0}
  m_RenderMode: 0
  m_CullingMask:
    serializedVersion: 2
    m_Bits: 4294967295
  m_RenderingLayerMask: 1
  m_Lightmapping: 2
  m_LightShadowCasterMode: 0
  m_AreaSize: {x: 1, y: 1}
  m_BounceIntensity: 1
  m_ColorTemperature: 6570
  m_UseColorTemperature: 0
  m_BoundingSphereOverride: {x: 0, y: 0, z: 0, w: 0}
  m_UseBoundingSphereOverride: 0
  m_ShadowRadius: 0
  m_ShadowAngle: 0
--- !u!4 &458378873
Transform:
  m_ObjectHideFlags: 0
  m_CorrespondingSourceObject: {fileID: 0}
  m_PrefabInstance: {fileID: 0}
  m_PrefabAsset: {fileID: 0}
  m_GameObject: {fileID: 458378871}
  m_LocalRotation: {x: 0, y: 0, z: 0, w: 1}
  m_LocalPosition: {x: -3.08, y: 4.72, z: 3.6}
  m_LocalScale: {x: 1, y: 1, z: 1}
  m_Children: []
  m_Father: {fileID: 0}
  m_RootOrder: 1
  m_LocalEulerAnglesHint: {x: 0, y: 0, z: 0}
--- !u!1001 &888104636
PrefabInstance:
  m_ObjectHideFlags: 0
  serializedVersion: 2
  m_Modification:
    m_TransformParent: {fileID: 0}
    m_Modifications:
    - target: {fileID: -4886087538289144664, guid: aedf4d11290a2e440b1f9bda8f93ece7,
        type: 3}
      propertyPath: m_StaticEditorFlags
      value: 4294967295
      objectReference: {fileID: 0}
    - target: {fileID: -4216859302048453862, guid: aedf4d11290a2e440b1f9bda8f93ece7,
        type: 3}
      propertyPath: m_LocalPosition.x
      value: -4.54
      objectReference: {fileID: 0}
    - target: {fileID: -4216859302048453862, guid: aedf4d11290a2e440b1f9bda8f93ece7,
        type: 3}
      propertyPath: m_LocalPosition.y
      value: 0
      objectReference: {fileID: 0}
    - target: {fileID: -4216859302048453862, guid: aedf4d11290a2e440b1f9bda8f93ece7,
        type: 3}
      propertyPath: m_LocalPosition.z
      value: 1.29
      objectReference: {fileID: 0}
    - target: {fileID: -4216859302048453862, guid: aedf4d11290a2e440b1f9bda8f93ece7,
        type: 3}
      propertyPath: m_LocalRotation.x
      value: 0
      objectReference: {fileID: 0}
    - target: {fileID: -4216859302048453862, guid: aedf4d11290a2e440b1f9bda8f93ece7,
        type: 3}
      propertyPath: m_LocalRotation.y
      value: 0
      objectReference: {fileID: 0}
    - target: {fileID: -4216859302048453862, guid: aedf4d11290a2e440b1f9bda8f93ece7,
        type: 3}
      propertyPath: m_LocalRotation.z
      value: 0
      objectReference: {fileID: 0}
    - target: {fileID: -4216859302048453862, guid: aedf4d11290a2e440b1f9bda8f93ece7,
        type: 3}
      propertyPath: m_LocalRotation.w
      value: 1
      objectReference: {fileID: 0}
    - target: {fileID: -4216859302048453862, guid: aedf4d11290a2e440b1f9bda8f93ece7,
        type: 3}
      propertyPath: m_RootOrder
      value: 4
      objectReference: {fileID: 0}
    - target: {fileID: -4216859302048453862, guid: aedf4d11290a2e440b1f9bda8f93ece7,
        type: 3}
      propertyPath: m_LocalEulerAnglesHint.x
      value: 0
      objectReference: {fileID: 0}
    - target: {fileID: -4216859302048453862, guid: aedf4d11290a2e440b1f9bda8f93ece7,
        type: 3}
      propertyPath: m_LocalEulerAnglesHint.y
      value: 0
      objectReference: {fileID: 0}
    - target: {fileID: -4216859302048453862, guid: aedf4d11290a2e440b1f9bda8f93ece7,
        type: 3}
      propertyPath: m_LocalEulerAnglesHint.z
      value: 0
      objectReference: {fileID: 0}
    - target: {fileID: -4216859302048453862, guid: aedf4d11290a2e440b1f9bda8f93ece7,
        type: 3}
      propertyPath: m_LocalScale.x
      value: 10.354
      objectReference: {fileID: 0}
    - target: {fileID: -4216859302048453862, guid: aedf4d11290a2e440b1f9bda8f93ece7,
        type: 3}
      propertyPath: m_LocalScale.y
      value: 10.354
      objectReference: {fileID: 0}
    - target: {fileID: -4216859302048453862, guid: aedf4d11290a2e440b1f9bda8f93ece7,
        type: 3}
      propertyPath: m_LocalScale.z
      value: 10.354
      objectReference: {fileID: 0}
    - target: {fileID: -927199367670048503, guid: aedf4d11290a2e440b1f9bda8f93ece7,
        type: 3}
      propertyPath: m_Name
      value: AW17
      objectReference: {fileID: 0}
    - target: {fileID: -927199367670048503, guid: aedf4d11290a2e440b1f9bda8f93ece7,
        type: 3}
      propertyPath: m_StaticEditorFlags
      value: 4294967295
      objectReference: {fileID: 0}
    - target: {fileID: 2177087905135164436, guid: aedf4d11290a2e440b1f9bda8f93ece7,
        type: 3}
      propertyPath: m_StaticEditorFlags
      value: 4294967295
      objectReference: {fileID: 0}
    - target: {fileID: 6228240929730867812, guid: aedf4d11290a2e440b1f9bda8f93ece7,
        type: 3}
      propertyPath: m_StaticEditorFlags
      value: 4294967295
      objectReference: {fileID: 0}
    m_RemovedComponents: []
  m_SourcePrefab: {fileID: 100100000, guid: aedf4d11290a2e440b1f9bda8f93ece7, type: 3}
--- !u!1 &965463768
GameObject:
  m_ObjectHideFlags: 0
  m_CorrespondingSourceObject: {fileID: 0}
  m_PrefabInstance: {fileID: 0}
  m_PrefabAsset: {fileID: 0}
  serializedVersion: 6
  m_Component:
  - component: {fileID: 965463772}
  - component: {fileID: 965463771}
  - component: {fileID: 965463770}
  - component: {fileID: 965463769}
  m_Layer: 0
  m_Name: Cube
  m_TagString: Untagged
  m_Icon: {fileID: 0}
  m_NavMeshLayer: 0
  m_StaticEditorFlags: 0
  m_IsActive: 1
--- !u!65 &965463769
BoxCollider:
  m_ObjectHideFlags: 0
  m_CorrespondingSourceObject: {fileID: 0}
  m_PrefabInstance: {fileID: 0}
  m_PrefabAsset: {fileID: 0}
  m_GameObject: {fileID: 965463768}
  m_Material: {fileID: 0}
  m_IsTrigger: 0
  m_Enabled: 1
  serializedVersion: 2
  m_Size: {x: 1, y: 1, z: 1}
  m_Center: {x: 0, y: 0, z: 0}
--- !u!23 &965463770
MeshRenderer:
  m_ObjectHideFlags: 0
  m_CorrespondingSourceObject: {fileID: 0}
  m_PrefabInstance: {fileID: 0}
  m_PrefabAsset: {fileID: 0}
  m_GameObject: {fileID: 965463768}
  m_Enabled: 1
  m_CastShadows: 1
  m_ReceiveShadows: 1
  m_DynamicOccludee: 1
  m_MotionVectors: 1
  m_LightProbeUsage: 1
  m_ReflectionProbeUsage: 1
  m_RayTracingMode: 2
  m_RenderingLayerMask: 1
  m_RendererPriority: 0
  m_Materials:
  - {fileID: 2100000, guid: 6099b638b68b0fd44b8b8b4108914f09, type: 2}
  m_StaticBatchInfo:
    firstSubMesh: 0
    subMeshCount: 0
  m_StaticBatchRoot: {fileID: 0}
  m_ProbeAnchor: {fileID: 0}
  m_LightProbeVolumeOverride: {fileID: 0}
  m_ScaleInLightmap: 1
  m_ReceiveGI: 1
  m_PreserveUVs: 0
  m_IgnoreNormalsForChartDetection: 0
  m_ImportantGI: 0
  m_StitchLightmapSeams: 1
  m_SelectedEditorRenderState: 3
  m_MinimumChartSize: 4
  m_AutoUVMaxDistance: 0.5
  m_AutoUVMaxAngle: 89
  m_LightmapParameters: {fileID: 0}
  m_SortingLayerID: 0
  m_SortingLayer: 0
  m_SortingOrder: 0
--- !u!33 &965463771
MeshFilter:
  m_ObjectHideFlags: 0
  m_CorrespondingSourceObject: {fileID: 0}
  m_PrefabInstance: {fileID: 0}
  m_PrefabAsset: {fileID: 0}
  m_GameObject: {fileID: 965463768}
  m_Mesh: {fileID: 10202, guid: 0000000000000000e000000000000000, type: 0}
--- !u!4 &965463772
Transform:
  m_ObjectHideFlags: 0
  m_CorrespondingSourceObject: {fileID: 0}
  m_PrefabInstance: {fileID: 0}
  m_PrefabAsset: {fileID: 0}
  m_GameObject: {fileID: 965463768}
  m_LocalRotation: {x: 0, y: 0, z: 0, w: 1}
  m_LocalPosition: {x: 0.5, y: 10.89, z: -10.09}
  m_LocalScale: {x: 6.8417, y: 6.8417, z: 6.8417}
  m_Children: []
  m_Father: {fileID: 0}
  m_RootOrder: 2
  m_LocalEulerAnglesHint: {x: 0, y: 0, z: 0}
--- !u!1001 &1589590812
PrefabInstance:
  m_ObjectHideFlags: 0
  serializedVersion: 2
  m_Modification:
    m_TransformParent: {fileID: 0}
    m_Modifications:
    - target: {fileID: -8885493617448067473, guid: b80d34ca5995e6d4ab919d7ec4526b22,
        type: 3}
      propertyPath: m_StaticEditorFlags
      value: 4294967295
      objectReference: {fileID: 0}
    - target: {fileID: -8683047781454569887, guid: b80d34ca5995e6d4ab919d7ec4526b22,
        type: 3}
      propertyPath: m_StaticEditorFlags
      value: 4294967295
      objectReference: {fileID: 0}
    - target: {fileID: -8627757366289363231, guid: b80d34ca5995e6d4ab919d7ec4526b22,
        type: 3}
      propertyPath: m_StaticEditorFlags
      value: 4294967295
      objectReference: {fileID: 0}
    - target: {fileID: -8484305281654642280, guid: b80d34ca5995e6d4ab919d7ec4526b22,
        type: 3}
      propertyPath: m_StaticEditorFlags
      value: 4294967295
      objectReference: {fileID: 0}
    - target: {fileID: -8127268577840341249, guid: b80d34ca5995e6d4ab919d7ec4526b22,
        type: 3}
      propertyPath: m_StaticEditorFlags
      value: 4294967295
      objectReference: {fileID: 0}
    - target: {fileID: -7937639134526729970, guid: b80d34ca5995e6d4ab919d7ec4526b22,
        type: 3}
      propertyPath: m_StaticEditorFlags
      value: 4294967295
      objectReference: {fileID: 0}
    - target: {fileID: -7533867839160688862, guid: b80d34ca5995e6d4ab919d7ec4526b22,
        type: 3}
      propertyPath: m_StaticEditorFlags
      value: 4294967295
      objectReference: {fileID: 0}
    - target: {fileID: -7191001618354998389, guid: b80d34ca5995e6d4ab919d7ec4526b22,
        type: 3}
      propertyPath: m_StaticEditorFlags
      value: 4294967295
      objectReference: {fileID: 0}
    - target: {fileID: -6959195492563578169, guid: b80d34ca5995e6d4ab919d7ec4526b22,
        type: 3}
      propertyPath: m_StaticEditorFlags
      value: 4294967295
      objectReference: {fileID: 0}
    - target: {fileID: -6703509056734448753, guid: b80d34ca5995e6d4ab919d7ec4526b22,
        type: 3}
      propertyPath: m_StaticEditorFlags
      value: 4294967295
      objectReference: {fileID: 0}
    - target: {fileID: -6565298802968461806, guid: b80d34ca5995e6d4ab919d7ec4526b22,
        type: 3}
      propertyPath: m_StaticEditorFlags
      value: 4294967295
      objectReference: {fileID: 0}
    - target: {fileID: -6504933875793324291, guid: b80d34ca5995e6d4ab919d7ec4526b22,
        type: 3}
      propertyPath: m_StaticEditorFlags
      value: 4294967295
      objectReference: {fileID: 0}
    - target: {fileID: -6042912692057688117, guid: b80d34ca5995e6d4ab919d7ec4526b22,
        type: 3}
      propertyPath: m_StaticEditorFlags
      value: 4294967295
      objectReference: {fileID: 0}
    - target: {fileID: -5930006064818895399, guid: b80d34ca5995e6d4ab919d7ec4526b22,
        type: 3}
      propertyPath: m_StaticEditorFlags
      value: 4294967295
      objectReference: {fileID: 0}
    - target: {fileID: -5925842669142302309, guid: b80d34ca5995e6d4ab919d7ec4526b22,
        type: 3}
      propertyPath: m_StaticEditorFlags
      value: 4294967295
      objectReference: {fileID: 0}
    - target: {fileID: -5917603349542853056, guid: b80d34ca5995e6d4ab919d7ec4526b22,
        type: 3}
      propertyPath: m_StaticEditorFlags
      value: 4294967295
      objectReference: {fileID: 0}
    - target: {fileID: -5867103824938440792, guid: b80d34ca5995e6d4ab919d7ec4526b22,
        type: 3}
      propertyPath: m_StaticEditorFlags
      value: 4294967295
      objectReference: {fileID: 0}
    - target: {fileID: -5663384838160752042, guid: b80d34ca5995e6d4ab919d7ec4526b22,
        type: 3}
      propertyPath: m_StaticEditorFlags
      value: 4294967295
      objectReference: {fileID: 0}
    - target: {fileID: -5626200825962201194, guid: b80d34ca5995e6d4ab919d7ec4526b22,
        type: 3}
      propertyPath: m_StaticEditorFlags
      value: 4294967295
      objectReference: {fileID: 0}
    - target: {fileID: -5122518953617709853, guid: b80d34ca5995e6d4ab919d7ec4526b22,
        type: 3}
      propertyPath: m_StaticEditorFlags
      value: 4294967295
      objectReference: {fileID: 0}
    - target: {fileID: -4976602555750711837, guid: b80d34ca5995e6d4ab919d7ec4526b22,
        type: 3}
      propertyPath: m_StaticEditorFlags
      value: 4294967295
      objectReference: {fileID: 0}
    - target: {fileID: -4920938766438610902, guid: b80d34ca5995e6d4ab919d7ec4526b22,
        type: 3}
      propertyPath: m_StaticEditorFlags
      value: 4294967295
      objectReference: {fileID: 0}
    - target: {fileID: -4879880681598256094, guid: b80d34ca5995e6d4ab919d7ec4526b22,
        type: 3}
      propertyPath: m_StaticEditorFlags
      value: 4294967295
      objectReference: {fileID: 0}
    - target: {fileID: -4762924833382303897, guid: b80d34ca5995e6d4ab919d7ec4526b22,
        type: 3}
      propertyPath: m_StaticEditorFlags
      value: 4294967295
      objectReference: {fileID: 0}
    - target: {fileID: -4682901362387869790, guid: b80d34ca5995e6d4ab919d7ec4526b22,
        type: 3}
      propertyPath: m_StaticEditorFlags
      value: 4294967295
      objectReference: {fileID: 0}
    - target: {fileID: -4216859302048453862, guid: b80d34ca5995e6d4ab919d7ec4526b22,
        type: 3}
      propertyPath: m_LocalPosition.x
      value: -1.03
      objectReference: {fileID: 0}
    - target: {fileID: -4216859302048453862, guid: b80d34ca5995e6d4ab919d7ec4526b22,
        type: 3}
      propertyPath: m_LocalPosition.y
      value: 0
      objectReference: {fileID: 0}
    - target: {fileID: -4216859302048453862, guid: b80d34ca5995e6d4ab919d7ec4526b22,
        type: 3}
      propertyPath: m_LocalPosition.z
      value: 6.89
      objectReference: {fileID: 0}
    - target: {fileID: -4216859302048453862, guid: b80d34ca5995e6d4ab919d7ec4526b22,
        type: 3}
      propertyPath: m_LocalRotation.x
      value: -0
      objectReference: {fileID: 0}
    - target: {fileID: -4216859302048453862, guid: b80d34ca5995e6d4ab919d7ec4526b22,
        type: 3}
      propertyPath: m_LocalRotation.y
      value: -0.5784688
      objectReference: {fileID: 0}
    - target: {fileID: -4216859302048453862, guid: b80d34ca5995e6d4ab919d7ec4526b22,
        type: 3}
      propertyPath: m_LocalRotation.z
      value: -0
      objectReference: {fileID: 0}
    - target: {fileID: -4216859302048453862, guid: b80d34ca5995e6d4ab919d7ec4526b22,
        type: 3}
      propertyPath: m_LocalRotation.w
      value: 0.8157046
      objectReference: {fileID: 0}
    - target: {fileID: -4216859302048453862, guid: b80d34ca5995e6d4ab919d7ec4526b22,
        type: 3}
      propertyPath: m_RootOrder
      value: 6
      objectReference: {fileID: 0}
    - target: {fileID: -4216859302048453862, guid: b80d34ca5995e6d4ab919d7ec4526b22,
        type: 3}
      propertyPath: m_LocalEulerAnglesHint.x
      value: 0
      objectReference: {fileID: 0}
    - target: {fileID: -4216859302048453862, guid: b80d34ca5995e6d4ab919d7ec4526b22,
        type: 3}
      propertyPath: m_LocalEulerAnglesHint.y
      value: -70.686005
      objectReference: {fileID: 0}
    - target: {fileID: -4216859302048453862, guid: b80d34ca5995e6d4ab919d7ec4526b22,
        type: 3}
      propertyPath: m_LocalEulerAnglesHint.z
      value: 0
      objectReference: {fileID: 0}
    - target: {fileID: -4216859302048453862, guid: b80d34ca5995e6d4ab919d7ec4526b22,
        type: 3}
      propertyPath: m_LocalScale.x
      value: 10.354
      objectReference: {fileID: 0}
    - target: {fileID: -4216859302048453862, guid: b80d34ca5995e6d4ab919d7ec4526b22,
        type: 3}
      propertyPath: m_LocalScale.y
      value: 10.354
      objectReference: {fileID: 0}
    - target: {fileID: -4216859302048453862, guid: b80d34ca5995e6d4ab919d7ec4526b22,
        type: 3}
      propertyPath: m_LocalScale.z
      value: 10.354
      objectReference: {fileID: 0}
    - target: {fileID: -3956033317734181692, guid: b80d34ca5995e6d4ab919d7ec4526b22,
        type: 3}
      propertyPath: m_StaticEditorFlags
      value: 4294967295
      objectReference: {fileID: 0}
    - target: {fileID: -3767269026169149524, guid: b80d34ca5995e6d4ab919d7ec4526b22,
        type: 3}
      propertyPath: m_StaticEditorFlags
      value: 4294967295
      objectReference: {fileID: 0}
    - target: {fileID: -2062919008447325236, guid: b80d34ca5995e6d4ab919d7ec4526b22,
        type: 3}
      propertyPath: m_StaticEditorFlags
      value: 4294967295
      objectReference: {fileID: 0}
    - target: {fileID: -1637173977086083777, guid: b80d34ca5995e6d4ab919d7ec4526b22,
        type: 3}
      propertyPath: m_StaticEditorFlags
      value: 4294967295
      objectReference: {fileID: 0}
    - target: {fileID: -1070581267742245180, guid: b80d34ca5995e6d4ab919d7ec4526b22,
        type: 3}
      propertyPath: m_StaticEditorFlags
      value: 4294967295
      objectReference: {fileID: 0}
    - target: {fileID: -927199367670048503, guid: b80d34ca5995e6d4ab919d7ec4526b22,
        type: 3}
      propertyPath: m_Name
      value: Viper_15_Lowpoly
      objectReference: {fileID: 0}
    - target: {fileID: -927199367670048503, guid: b80d34ca5995e6d4ab919d7ec4526b22,
        type: 3}
      propertyPath: m_StaticEditorFlags
      value: 4294967295
      objectReference: {fileID: 0}
    - target: {fileID: -795347220101676556, guid: b80d34ca5995e6d4ab919d7ec4526b22,
        type: 3}
      propertyPath: m_StaticEditorFlags
      value: 4294967295
      objectReference: {fileID: 0}
    - target: {fileID: -606077307743945124, guid: b80d34ca5995e6d4ab919d7ec4526b22,
        type: 3}
      propertyPath: m_StaticEditorFlags
      value: 4294967295
      objectReference: {fileID: 0}
    - target: {fileID: -597325585084852662, guid: b80d34ca5995e6d4ab919d7ec4526b22,
        type: 3}
      propertyPath: m_StaticEditorFlags
      value: 4294967295
      objectReference: {fileID: 0}
    - target: {fileID: -448885323647556278, guid: b80d34ca5995e6d4ab919d7ec4526b22,
        type: 3}
      propertyPath: m_StaticEditorFlags
      value: 4294967295
      objectReference: {fileID: 0}
    - target: {fileID: -442289325811016661, guid: b80d34ca5995e6d4ab919d7ec4526b22,
        type: 3}
      propertyPath: m_StaticEditorFlags
      value: 4294967295
      objectReference: {fileID: 0}
    - target: {fileID: -167777320411470771, guid: b80d34ca5995e6d4ab919d7ec4526b22,
        type: 3}
      propertyPath: m_StaticEditorFlags
      value: 4294967295
      objectReference: {fileID: 0}
    - target: {fileID: 404020247798539645, guid: b80d34ca5995e6d4ab919d7ec4526b22,
        type: 3}
      propertyPath: m_StaticEditorFlags
      value: 4294967295
      objectReference: {fileID: 0}
    - target: {fileID: 471992915464234514, guid: b80d34ca5995e6d4ab919d7ec4526b22,
        type: 3}
      propertyPath: m_StaticEditorFlags
      value: 4294967295
      objectReference: {fileID: 0}
    - target: {fileID: 721056895991426811, guid: b80d34ca5995e6d4ab919d7ec4526b22,
        type: 3}
      propertyPath: m_StaticEditorFlags
      value: 4294967295
      objectReference: {fileID: 0}
    - target: {fileID: 755566808191422740, guid: b80d34ca5995e6d4ab919d7ec4526b22,
        type: 3}
      propertyPath: m_StaticEditorFlags
      value: 4294967295
      objectReference: {fileID: 0}
    - target: {fileID: 770233583918708325, guid: b80d34ca5995e6d4ab919d7ec4526b22,
        type: 3}
      propertyPath: m_StaticEditorFlags
      value: 4294967295
      objectReference: {fileID: 0}
    - target: {fileID: 782023234881082834, guid: b80d34ca5995e6d4ab919d7ec4526b22,
        type: 3}
      propertyPath: m_StaticEditorFlags
      value: 4294967295
      objectReference: {fileID: 0}
    - target: {fileID: 1072822075835748486, guid: b80d34ca5995e6d4ab919d7ec4526b22,
        type: 3}
      propertyPath: m_StaticEditorFlags
      value: 4294967295
      objectReference: {fileID: 0}
    - target: {fileID: 1224210238661953200, guid: b80d34ca5995e6d4ab919d7ec4526b22,
        type: 3}
      propertyPath: m_StaticEditorFlags
      value: 4294967295
      objectReference: {fileID: 0}
    - target: {fileID: 2568284543693634864, guid: b80d34ca5995e6d4ab919d7ec4526b22,
        type: 3}
      propertyPath: m_StaticEditorFlags
      value: 4294967295
      objectReference: {fileID: 0}
    - target: {fileID: 2716885686276015294, guid: b80d34ca5995e6d4ab919d7ec4526b22,
        type: 3}
      propertyPath: m_StaticEditorFlags
      value: 4294967295
      objectReference: {fileID: 0}
    - target: {fileID: 2734046037851904326, guid: b80d34ca5995e6d4ab919d7ec4526b22,
        type: 3}
      propertyPath: m_StaticEditorFlags
      value: 4294967295
      objectReference: {fileID: 0}
    - target: {fileID: 2933511615075520635, guid: b80d34ca5995e6d4ab919d7ec4526b22,
        type: 3}
      propertyPath: m_StaticEditorFlags
      value: 4294967295
      objectReference: {fileID: 0}
    - target: {fileID: 3135131809352784728, guid: b80d34ca5995e6d4ab919d7ec4526b22,
        type: 3}
      propertyPath: m_StaticEditorFlags
      value: 4294967295
      objectReference: {fileID: 0}
    - target: {fileID: 3201847729343074299, guid: b80d34ca5995e6d4ab919d7ec4526b22,
        type: 3}
      propertyPath: m_StaticEditorFlags
      value: 4294967295
      objectReference: {fileID: 0}
    - target: {fileID: 3501773093612460867, guid: b80d34ca5995e6d4ab919d7ec4526b22,
        type: 3}
      propertyPath: m_StaticEditorFlags
      value: 4294967295
      objectReference: {fileID: 0}
    - target: {fileID: 3515528411727558969, guid: b80d34ca5995e6d4ab919d7ec4526b22,
        type: 3}
      propertyPath: m_StaticEditorFlags
      value: 4294967295
      objectReference: {fileID: 0}
    - target: {fileID: 3608178018073380772, guid: b80d34ca5995e6d4ab919d7ec4526b22,
        type: 3}
      propertyPath: m_StaticEditorFlags
      value: 4294967295
      objectReference: {fileID: 0}
    - target: {fileID: 3738579210029567606, guid: b80d34ca5995e6d4ab919d7ec4526b22,
        type: 3}
      propertyPath: m_StaticEditorFlags
      value: 4294967295
      objectReference: {fileID: 0}
    - target: {fileID: 4001359325269422523, guid: b80d34ca5995e6d4ab919d7ec4526b22,
        type: 3}
      propertyPath: m_StaticEditorFlags
      value: 4294967295
      objectReference: {fileID: 0}
    - target: {fileID: 4100818553091621873, guid: b80d34ca5995e6d4ab919d7ec4526b22,
        type: 3}
      propertyPath: m_StaticEditorFlags
      value: 4294967295
      objectReference: {fileID: 0}
    - target: {fileID: 4157162793528939557, guid: b80d34ca5995e6d4ab919d7ec4526b22,
        type: 3}
      propertyPath: m_StaticEditorFlags
      value: 4294967295
      objectReference: {fileID: 0}
    - target: {fileID: 4502424634502844972, guid: b80d34ca5995e6d4ab919d7ec4526b22,
        type: 3}
      propertyPath: m_StaticEditorFlags
      value: 4294967295
      objectReference: {fileID: 0}
    - target: {fileID: 4834148087143123928, guid: b80d34ca5995e6d4ab919d7ec4526b22,
        type: 3}
      propertyPath: m_StaticEditorFlags
      value: 4294967295
      objectReference: {fileID: 0}
    - target: {fileID: 5237615025089653510, guid: b80d34ca5995e6d4ab919d7ec4526b22,
        type: 3}
      propertyPath: m_StaticEditorFlags
      value: 4294967295
      objectReference: {fileID: 0}
    - target: {fileID: 5487749059021926744, guid: b80d34ca5995e6d4ab919d7ec4526b22,
        type: 3}
      propertyPath: m_StaticEditorFlags
      value: 4294967295
      objectReference: {fileID: 0}
    - target: {fileID: 5520704024785690688, guid: b80d34ca5995e6d4ab919d7ec4526b22,
        type: 3}
      propertyPath: m_StaticEditorFlags
      value: 4294967295
      objectReference: {fileID: 0}
    - target: {fileID: 5786463834019186938, guid: b80d34ca5995e6d4ab919d7ec4526b22,
        type: 3}
      propertyPath: m_StaticEditorFlags
      value: 4294967295
      objectReference: {fileID: 0}
    - target: {fileID: 5944607055453993401, guid: b80d34ca5995e6d4ab919d7ec4526b22,
        type: 3}
      propertyPath: m_StaticEditorFlags
      value: 4294967295
      objectReference: {fileID: 0}
    - target: {fileID: 6565310740206634211, guid: b80d34ca5995e6d4ab919d7ec4526b22,
        type: 3}
      propertyPath: m_StaticEditorFlags
      value: 4294967295
      objectReference: {fileID: 0}
    - target: {fileID: 6635717645662242164, guid: b80d34ca5995e6d4ab919d7ec4526b22,
        type: 3}
      propertyPath: m_StaticEditorFlags
      value: 4294967295
      objectReference: {fileID: 0}
    - target: {fileID: 8100027607536757265, guid: b80d34ca5995e6d4ab919d7ec4526b22,
        type: 3}
      propertyPath: m_StaticEditorFlags
      value: 4294967295
      objectReference: {fileID: 0}
    - target: {fileID: 8465550718196035137, guid: b80d34ca5995e6d4ab919d7ec4526b22,
        type: 3}
      propertyPath: m_StaticEditorFlags
      value: 4294967295
      objectReference: {fileID: 0}
    m_RemovedComponents: []
  m_SourcePrefab: {fileID: 100100000, guid: b80d34ca5995e6d4ab919d7ec4526b22, type: 3}
--- !u!1 &1969900907
GameObject:
  m_ObjectHideFlags: 0
  m_CorrespondingSourceObject: {fileID: 0}
  m_PrefabInstance: {fileID: 0}
  m_PrefabAsset: {fileID: 0}
  serializedVersion: 6
  m_Component:
  - component: {fileID: 1969900910}
  - component: {fileID: 1969900909}
  - component: {fileID: 1969900908}
  m_Layer: 0
  m_Name: Main Camera
  m_TagString: MainCamera
  m_Icon: {fileID: 0}
  m_NavMeshLayer: 0
  m_StaticEditorFlags: 0
  m_IsActive: 1
--- !u!81 &1969900908
AudioListener:
  m_ObjectHideFlags: 0
  m_CorrespondingSourceObject: {fileID: 0}
  m_PrefabInstance: {fileID: 0}
  m_PrefabAsset: {fileID: 0}
  m_GameObject: {fileID: 1969900907}
  m_Enabled: 1
--- !u!20 &1969900909
Camera:
  m_ObjectHideFlags: 0
  m_CorrespondingSourceObject: {fileID: 0}
  m_PrefabInstance: {fileID: 0}
  m_PrefabAsset: {fileID: 0}
  m_GameObject: {fileID: 1969900907}
  m_Enabled: 1
  serializedVersion: 2
  m_ClearFlags: 1
  m_BackGroundColor: {r: 0.19215687, g: 0.3019608, b: 0.4745098, a: 0}
  m_projectionMatrixMode: 1
  m_GateFitMode: 2
  m_FOVAxisMode: 0
  m_SensorSize: {x: 36, y: 24}
  m_LensShift: {x: 0, y: 0}
  m_FocalLength: 50
  m_NormalizedViewPortRect:
    serializedVersion: 2
    x: 0
    y: 0
    width: 1
    height: 1
  near clip plane: 0.3
  far clip plane: 1000
  field of view: 60
  orthographic: 0
  orthographic size: 5
  m_Depth: -1
  m_CullingMask:
    serializedVersion: 2
    m_Bits: 4294967295
  m_RenderingPath: -1
  m_TargetTexture: {fileID: 0}
  m_TargetDisplay: 0
  m_TargetEye: 3
  m_HDR: 1
  m_AllowMSAA: 1
  m_AllowDynamicResolution: 0
  m_ForceIntoRT: 0
  m_OcclusionCulling: 1
  m_StereoConvergence: 10
  m_StereoSeparation: 0.022
--- !u!4 &1969900910
Transform:
  m_ObjectHideFlags: 0
  m_CorrespondingSourceObject: {fileID: 0}
  m_PrefabInstance: {fileID: 0}
  m_PrefabAsset: {fileID: 0}
  m_GameObject: {fileID: 1969900907}
  m_LocalRotation: {x: 0, y: 0, z: 0, w: 1}
  m_LocalPosition: {x: 0, y: 1, z: -10}
  m_LocalScale: {x: 1, y: 1, z: 1}
  m_Children: []
  m_Father: {fileID: 0}
  m_RootOrder: 0
  m_LocalEulerAnglesHint: {x: 0, y: 0, z: 0}
--- !u!1001 &2071835939
PrefabInstance:
  m_ObjectHideFlags: 0
  serializedVersion: 2
  m_Modification:
    m_TransformParent: {fileID: 0}
    m_Modifications:
    - target: {fileID: -5591495625740652742, guid: 86e699c267146a34c8ed62e62dd542bb,
        type: 3}
      propertyPath: m_StaticEditorFlags
      value: 4294967295
      objectReference: {fileID: 0}
    - target: {fileID: -4216859302048453862, guid: 86e699c267146a34c8ed62e62dd542bb,
        type: 3}
      propertyPath: m_LocalPosition.x
      value: 0.46000004
      objectReference: {fileID: 0}
    - target: {fileID: -4216859302048453862, guid: 86e699c267146a34c8ed62e62dd542bb,
        type: 3}
      propertyPath: m_LocalPosition.y
      value: 0
      objectReference: {fileID: 0}
    - target: {fileID: -4216859302048453862, guid: 86e699c267146a34c8ed62e62dd542bb,
        type: 3}
      propertyPath: m_LocalPosition.z
      value: 1.29
      objectReference: {fileID: 0}
    - target: {fileID: -4216859302048453862, guid: 86e699c267146a34c8ed62e62dd542bb,
        type: 3}
      propertyPath: m_LocalRotation.x
      value: 0
      objectReference: {fileID: 0}
    - target: {fileID: -4216859302048453862, guid: 86e699c267146a34c8ed62e62dd542bb,
        type: 3}
      propertyPath: m_LocalRotation.y
      value: 0.367313
      objectReference: {fileID: 0}
    - target: {fileID: -4216859302048453862, guid: 86e699c267146a34c8ed62e62dd542bb,
        type: 3}
      propertyPath: m_LocalRotation.z
      value: 0
      objectReference: {fileID: 0}
    - target: {fileID: -4216859302048453862, guid: 86e699c267146a34c8ed62e62dd542bb,
        type: 3}
      propertyPath: m_LocalRotation.w
      value: 0.9300974
      objectReference: {fileID: 0}
    - target: {fileID: -4216859302048453862, guid: 86e699c267146a34c8ed62e62dd542bb,
        type: 3}
      propertyPath: m_RootOrder
      value: 3
      objectReference: {fileID: 0}
    - target: {fileID: -4216859302048453862, guid: 86e699c267146a34c8ed62e62dd542bb,
        type: 3}
      propertyPath: m_LocalEulerAnglesHint.x
      value: 0
      objectReference: {fileID: 0}
    - target: {fileID: -4216859302048453862, guid: 86e699c267146a34c8ed62e62dd542bb,
        type: 3}
      propertyPath: m_LocalEulerAnglesHint.y
      value: 43.1
      objectReference: {fileID: 0}
    - target: {fileID: -4216859302048453862, guid: 86e699c267146a34c8ed62e62dd542bb,
        type: 3}
      propertyPath: m_LocalEulerAnglesHint.z
      value: 0
      objectReference: {fileID: 0}
    - target: {fileID: -4216859302048453862, guid: 86e699c267146a34c8ed62e62dd542bb,
        type: 3}
      propertyPath: m_LocalScale.x
      value: 10.354
      objectReference: {fileID: 0}
    - target: {fileID: -4216859302048453862, guid: 86e699c267146a34c8ed62e62dd542bb,
        type: 3}
      propertyPath: m_LocalScale.y
      value: 10.354
      objectReference: {fileID: 0}
    - target: {fileID: -4216859302048453862, guid: 86e699c267146a34c8ed62e62dd542bb,
        type: 3}
      propertyPath: m_LocalScale.z
      value: 10.354
      objectReference: {fileID: 0}
    - target: {fileID: -2852856407779758936, guid: 86e699c267146a34c8ed62e62dd542bb,
        type: 3}
      propertyPath: m_StaticEditorFlags
      value: 4294967295
      objectReference: {fileID: 0}
    - target: {fileID: -927199367670048503, guid: 86e699c267146a34c8ed62e62dd542bb,
        type: 3}
      propertyPath: m_Name
      value: AW15
      objectReference: {fileID: 0}
    - target: {fileID: -927199367670048503, guid: 86e699c267146a34c8ed62e62dd542bb,
        type: 3}
      propertyPath: m_StaticEditorFlags
      value: 4294967295
      objectReference: {fileID: 0}
    - target: {fileID: 7597694138109937640, guid: 86e699c267146a34c8ed62e62dd542bb,
        type: 3}
      propertyPath: m_StaticEditorFlags
      value: 4294967295
      objectReference: {fileID: 0}
    m_RemovedComponents: []
  m_SourcePrefab: {fileID: 100100000, guid: 86e699c267146a34c8ed62e62dd542bb, type: 3}
